@book{compReco,
Author = { Prof. Marek Kurzyński and Dr. Edward Puchała and Dr. Michał Woźniak and Dr. Andrzej żołnierek},
Isbn = {978-3-540-32390-7},
Publisher = {Springer Berlin Heidelberg},
Title = {Computer Recognition Systems},
Year = {2005}
}

@misc{autoEnc,
  author = {Wikipedia},
  title  = {Wikipedia - Autoencoder},
  howpublished = {\url{https://en.wikipedia.org/wiki/Autoencoder}},
  note   = {Accessed: \date{\today} },
  year   = {2017}
}


@unpublished{deepLearningBook,
    title={Deep Learning},
    author={Ian Goodfellow and Yoshua Bengio and Aaron Courville},
    note={Book in preparation for MIT Press},
    url={http://www.deeplearningbook.org},
    year={2017}
}

@book{firstML,
Author = {Simong Rogers and Mark Girolami},
Isbn = {978-1-4987-3848-4},
Publisher = {CRC Press},
Title = {A First Cource In Machine Learning},
Year = {2016}
}

@misc{convSE,
  author = {Mathworld SE},
  title  = {What Is Image Filtering in the Spatial Domain?},
  howpublished = {\url{https://se.mathworks.com/help/images/what-is-image-filtering-in-the-spatial-domain.html}},
  note   = {Accessed: \date{\today} },
  Year   = {2017}
}


@article{MAE,
  author = {T. Chai and R.R. Draxler},
  title  = {Root mean square error (RMSE) or mean absolute error (MAE)? –
Arguments against avoiding RMSE in the literature},
  howpublished = {\url{http://www.geosci-model-dev.net/7/1247/2014/gmd-7-1247-2014.pdf}},
  note   = {Accessed: \date{\today} },
  year   = {2014}
}

@article{MRI,
  author = {Peter Lam},
  title  = {MRI Scans: All You Need To Know},
  howpublished = {\url{http://www.medicalnewstoday.com/articles/146309.php}},
  note   = {Accessed: \date{\today} },
  year   = {2017}

}

@misc{brainWeb,
  author = {A.C. Evans and R.K.-S. Kwan and C.A. Cocosco and V. Kollokian},
  title  = {BrainWeb: Online Interface to a 3D MRI Simulated Brain Database},
  howpublished = {\url{http://brainweb.bic.mni.mcgill.ca/}},
  note   = {Accessed: \date{\today} },
  year   = {2017}
}

@book{biasField,
 author = {Dhiya Al-Jumeily and Abir Hussain and Conor Mallucci and Carol Oliver},
 title = {Applied Computing in Medicine and Health},
 year = {2015},
 isbn = {9780128034682},
 edition = {1st},
 publisher = {Morgan Kaufmann Publishers Inc.},
 address = {San Francisco, CA, USA},
} 

@proceedings{filtering,
  title        = {{Fast Bias Field Correction for 9.4 Tesla  Magnetic 
                   Resonance Imaging}},
  year         = {2008},
  publisher    = {Zenodo},
  month        = {aug},
  doi          = {10.5281/zenodo.41127},
  howpublished = {\url{https://doi.org/10.5281/zenodo.41127}},
  author       = {X. Peña and M. Bach Cuadra and N. Kunz and N. Just and R. Greutter and J.-Ph Thiran}
}

@article{segmentation,
    title = {Robust spatially constrained fuzzy c-means algorithm for brain {MR} image segmentation},
    journal = {Pattern Recognition},
    volume = {47},
    number = {7},
    pages = {2454 - 2466},
    year = {2014},
    issn = {0031-3203},
    doi = {http://dx.doi.org/10.1016/j.patcog.2014.01.017},
    howpublished = {\url{//www.sciencedirect.com/science/article/pii/S0031320314000351}},
    author = {Zexuan Ji and Jinyao Liu and Guo Cao and Quansen Sun and Qiang Chen}
}

@misc{miccai,
    author = {MICCAI Society},
    howpublished = {\url{http://www.miccai.org/}},
    year = {2012}
}

@article{biasCorrection,
title = {Improved Intensity Inhomogeneity Correction Techniques in \{MR\} Brain Image Segmentation},
journal = {\{IFAC\} Proceedings Volumes},
volume = {41},
number = {2},
pages = {9625 - 9630},
year = {2008},
note = {17th \{IFAC\} World Congress},
issn = {1474-6670},
doi = {http://dx.doi.org/10.3182/20080706-5-KR-1001.01628},
url = {//www.sciencedirect.com/science/article/pii/S1474667016405045},
author = {László, Szilágyi and László, Dávid and Sándor, M. Szilágyi and Balázs, Benyó and Zoltán, Benyó"}
}

@article{histogram, 
author={N. J. Tustison and B. B. Avants and P. A. Cook and Y. Zheng and A. Egan and P. A. Yushkevich and J. C. Gee}, 
journal={IEEE Transactions on Medical Imaging}, 
title={N4ITK: Improved N3 Bias Correction}, 
year={2010}, 
volume={29}, 
number={6}, 
pages={1310-1320}, 
doi={10.1109/TMI.2010.2046908}, 
ISSN={0278-0062}, 
month={June}
}
